@book{neamen,
   title =     {Semiconductor Physics and Devices: Basic Principles},
   author =    {Donald A. Neamen},
   publisher = {McGraw-Hill},
   isbn =      {0071089020; 9780071089029},
   year =      {2012},
   edition =   {4},
   url =       {libgen.li/file.php?md5=ee03da76c235cea7ed52390c19dc3ce3}
}
