@book{coleman,
  place={Cambridge},
  title={Introduction to Many-Body Physics},
  DOI={10.1017/CBO9781139020916},
  publisher={Cambridge University Press},
  author={Coleman, Piers},
  year={2015}
}

@book{timm,
  title={Theory of Superconductivity},
  publisher={TU Dresden},
  author={Casten Timm},
  year={2020. Version: March 24, 2023.}
}

@misc{wiki-history_superconductivity,
  author = "{Wikipedia contributors}",
  title = "History of superconductivity --- {Wikipedia}{,} The Free Encyclopedia",
  year = "2023",
  howpublished = "\url{https://en.wikipedia.org/w/index.php?title=History_of_superconductivity&oldid=1147379708}",
  note = "[Online; accessed 14-July-2023]"
}
