@article{tperp-laissardiere2012,
  title = {Numerical studies of confined states in rotated bilayers of graphene},
  author = {Trambly de Laissardi\`ere, G. and Mayou, D. and Magaud, L.},
  journal = {Phys. Rev. B},
  volume = {86},
  issue = {12},
  pages = {125413},
  numpages = {7},
  year = {2012},
  month = {Sep},
  publisher = {American Physical Society},
  doi = {10.1103/PhysRevB.86.125413},
  url = {https://link.aps.org/doi/10.1103/PhysRevB.86.125413}
}

@article{topological_quantum_chemistry2017,
  title={Topological quantum chemistry},
  author={Barry Bradlyn and Luis Elcoro and Jennifer Cano and Maia G. Vergniory and Maia G. Vergniory and Maia G. Vergniory and Zhijun Wang and Claudia Felser and Mois Ilia Aroyo and Bogdan Andrei Bernevig},
  journal={Nature},
  year={2017},
  volume={547},
  pages={298-305},
  url={https://api.semanticscholar.org/CorpusID:205258321}
}

@book{lectures_tms2017,
  title={Topological Matter: Lectures from the Topological Matter School 2017},
  author={Bercioux, D. and Cayssol, J. and Vergniory, M.G. and Calvo, M.R.},
  isbn={9783319763897},
  series={Springer series in solid-state sciences},
  url={https://books.google.com.br/books?id=-SPOwgEACAAJ},
  year={2018},
  publisher={Springer International Publishing}
}

@article{building_blocks2018,
  title = {Building blocks of topological quantum chemistry: Elementary band representations},
  author = {Cano, Jennifer and Bradlyn, Barry and Wang, Zhijun and Elcoro, L. and Vergniory, M. G. and Felser, C. and Aroyo, M. I. and Bernevig, B. Andrei},
  journal = {Phys. Rev. B},
  volume = {97},
  issue = {3},
  pages = {035139},
  numpages = {20},
  year = {2018},
  month = {Jan},
  publisher = {American Physical Society},
  doi = {10.1103/PhysRevB.97.035139},
  url = {https://link.aps.org/doi/10.1103/PhysRevB.97.035139}
}

@article{all_magic_angles,
  title = {All Magic Angles in Twisted Bilayer Graphene are Topological},
  author = {Song, Zhida and Wang, Zhijun and Shi, Wujun and Li, Gang and Fang, Chen and Bernevig, B. Andrei},
  journal = {Phys. Rev. Lett.},
  volume = {123},
  issue = {3},
  pages = {036401},
  numpages = {6},
  year = {2019},
  month = {Jul},
  publisher = {American Physical Society},
  doi = {10.1103/PhysRevLett.123.036401},
  url = {https://link.aps.org/doi/10.1103/PhysRevLett.123.036401}
}

@article{koshino2012,
    title = {Energy spectrum and quantum Hall effect in twisted bilayer graphene},
    author = {Moon, Pilkyung and Koshino, Mikito},
    journal = {Phys. Rev. B},
    volume = {85},
    issue = {19},
    pages = {195458},
    numpages = {9},
    year = {2012},
    month = {May},
    publisher = {American Physical Society},
    doi = {10.1103/PhysRevB.85.195458},
    url = {https://link.aps.org/doi/10.1103/PhysRevB.85.195458},
}

@article{geim2009,
    title = {The electronic properties of graphene},
    author = {Castro Neto, A. H. and Guinea, F. and Peres, N. M. R. and Novoselov, K. S. and Geim, A. K.},
    journal = {Rev. Mod. Phys.},
    volume = {81},
    issue = {1},
    pages = {109--162},
    numpages = {0},
    year = {2009},
    month = {Jan},
    publisher = {American Physical Society},
    doi = {10.1103/RevModPhys.81.109},
    url = {https://link.aps.org/doi/10.1103/RevModPhys.81.109},
}

@book{handbook2019,
    author = {Catarina, Gonçalo and Amorim, Bruno and Castro, Eduardo V. and Lopes, João M. V. P. and Peres, Nuno},
    publisher = {John Wiley \& Sons, Ltd},
    isbn = {9781119468455},
    title = {Twisted Bilayer Graphene: Low-Energy Physics, Electronic and Optical Properties},
    booktitle = {Handbook of Graphene Set},
    chapter = {6},
    pages = {177-231},
    doi = {https://doi.org/10.1002/9781119468455.ch44},
    url = {https://onlinelibrary.wiley.com/doi/abs/10.1002/9781119468455.ch44},
    eprint = {https://onlinelibrary.wiley.com/doi/pdf/10.1002/9781119468455.ch44},
    year = {2019},
    keywords = {van der Waals heterostructures, twisted bilayer graphene, low-energy model, van Hove singularities, optical conductivity, graphene surface plasmon–polaritons},
    abstract = {Abstract This chapter contains sections titled: Introduction Basics of Monolayer and Bilayer Graphene Twisted Bilayer Graphene Optical Response Conclusions and Future Work Acknowledgment},
}

@book{dresselhaus,
   title =     {Group theory: application to the physics of condensed matter},
   author =    {Mildred S. Dresselhaus, Gene Dresselhaus, Ado Jorio},
   publisher = {Springer},
   isbn =      {9783540328971; 3540328971},
   year =      {2008},
   edition =   {1},
   url =       {libgen.li/file.php?md5=0059c9b90362ef2d0d4c737fc8f78030}
}

@article{tperp-laissardiere2012,
  title = {Numerical studies of confined states in rotated bilayers of graphene},
  author = {Trambly de Laissardi\`ere, G. and Mayou, D. and Magaud, L.},
  journal = {Phys. Rev. B},
  volume = {86},
  issue = {12},
  pages = {125413},
  numpages = {7},
  year = {2012},
  month = {Sep},
  publisher = {American Physical Society},
  doi = {10.1103/PhysRevB.86.125413},
  url = {https://link.aps.org/doi/10.1103/PhysRevB.86.125413}
}

@article{koshinohubbard2018,
  title = {Maximally Localized Wannier Orbitals and the Extended Hubbard Model for Twisted Bilayer Graphene},
  author = {Koshino, Mikito and Yuan, Noah F. Q. and Koretsune, Takashi and Ochi, Masayuki and Kuroki, Kazuhiko and Fu, Liang},
  journal = {Phys. Rev. X},
  volume = {8},
  issue = {3},
  pages = {031087},
  numpages = {12},
  year = {2018},
  month = {Sep},
  publisher = {American Physical Society},
  doi = {10.1103/PhysRevX.8.031087},
  url = {https://link.aps.org/doi/10.1103/PhysRevX.8.031087}
}

@article{macdonald2011,
    author = {Rafi Bistritzer  and Allan H. MacDonald},
    title = {Moiré bands in twisted double-layer graphene},
    journal = {Proceedings of the National Academy of Sciences},
    volume = {108},
    number = {30},
    pages = {12233-12237},
    year = {2011},
    doi = {10.1073/pnas.1108174108},
    URL = {https://www.pnas.org/doi/abs/10.1073/pnas.1108174108},
    eprint = {https://www.pnas.org/doi/pdf/10.1073/pnas.1108174108},
}

@article{topoheavyfermion2022,
  title = {Magic-Angle Twisted Bilayer Graphene as a Topological Heavy Fermion Problem},
  author = {Song, Zhi-Da and Bernevig, B. Andrei},
  journal = {Phys. Rev. Lett.},
  volume = {129},
  issue = {4},
  pages = {047601},
  numpages = {10},
  year = {2022},
  month = {Jul},
  publisher = {American Physical Society},
  doi = {10.1103/PhysRevLett.129.047601},
  url = {https://link.aps.org/doi/10.1103/PhysRevLett.129.047601}
}

@article{cao2018,
    title = {Unconventional superconductivity in magic-angle graphene superlattices},
    author = "{Y. Cao, V. Fatemi, S. Fang, et al}",
    journal = {Nature},
    volume = {556},
    pages = {43-50},
    year = {2018},
    doi = {https://doi.org/10.1038/nature26160},
}


@article{cao2018_correlated,
   title={Correlated insulator behaviour at half-filling in magic-angle graphene superlattices},
   volume={556},
   ISSN={1476-4687},
   url={http://dx.doi.org/10.1038/nature26154},
   DOI={10.1038/nature26154},
   number={7699},
   journal={Nature},
   publisher={Springer Science and Business Media LLC},
   author={Cao, Yuan and Fatemi, Valla and Demir, Ahmet and Fang, Shiang and Tomarken, Spencer L. and Luo, Jason Y. and Sanchez-Yamagishi, Javier D. and Watanabe, Kenji and Taniguchi, Takashi and Kaxiras, Efthimios and Ashoori, Ray C. and Jarillo-Herrero, Pablo},
   year={2018},
   month=mar, pages={80–84}
}

@article{unconv_QHE_tbg_2006,
   title={Unconventional quantum Hall effect and Berry’s phase of $2\pi$ in bilayer graphene},
   volume={2},
   ISSN={1745-2481},
   url={http://dx.doi.org/10.1038/nphys245},
   DOI={10.1038/nphys245},
   number={3},
   journal={Nature Physics},
   publisher={Springer Science and Business Media LLC},
   author={Novoselov, K. S. and McCann, E. and Morozov, S. V. and Fal’ko, V. I. and Katsnelson, M. I. and Zeitler, U. and Jiang, D. and Schedin, F. and Geim, A. K.},
   year={2006},
   month=feb, pages={177–180},
}


@book{thesis_rennella,
    author = "Rennella, Roberto",
    publisher={Master thesis},
    title = "{Symmetry analysis of twisted bilayer graphene (TBG)}",
    school = "Università Degli Studi di Napoli Federico II",
    year = "2019",
}

@article{zou2018,
    title = {Band structure of twisted bilayer graphene: Emergent symmetries, commensurate approximants, and Wannier obstructions},
    journal = {Physical Review B},
    volume = {8},
    number = {85435},
    year = {2018},
    url = {https://journals.aps.org/prb/abstract/10.1103/PhysRevB.98.085435},
    author = {Zou, Liujun and Po, Hoi Chun and Ashvin Vishwanath and Senthil, T}
}

@article{novoselov_2004,
   title={Electric Field Effect in Atomically Thin Carbon Films},
   volume={306},
   ISSN={1095-9203},
   url={http://dx.doi.org/10.1126/science.1102896},
   DOI={10.1126/science.1102896},
   number={5696},
   journal={Science},
   publisher={American Association for the Advancement of Science (AAAS)},
   author={Novoselov, K. S. and Geim, A. K. and Morozov, S. V. and Jiang, D. and Zhang, Y. and Dubonos, S. V. and Grigorieva, I. V. and Firsov, A. A.},
   year={2004},
   month=oct, pages={666–669}
}

@article{magnetic_structures2012,
	author = {{Rodríguez-Carvajal, J.} and {Bourée, F.}},
	title = {Symmetry and magnetic structures},
	DOI= "10.1051/epjconf/20122200010",
	url= "https://doi.org/10.1051/epjconf/20122200010",
	journal = {EPJ Web of Conferences},
	year = 2012,
	volume = 22,
	pages = "00010",
}

@book{hamermesh,
  title={Group Theory and Its Application to Physical Problems},
  author={Hamermesh, M.},
  isbn={9780486661810},
  lccn={89023257},
  series={Addison Wesley Series in Physics},
  url={https://books.google.com.br/books?id=c0o9_wlCzgcC},
  year={1989},
  publisher={Dover Publications}
}

@misc{hexagonal_ice_fig_spacegroup_wiki,
  author = "{Wikipedia contributors}",
  title = "Space group --- {Wikipedia}{,} The Free Encyclopedia",
  year = "2024",
  url = "https://en.wikipedia.org/w/index.php?title=Space_group&oldid=1251824424",
  note = "[Online; accessed 1-December-2024]"
}

@misc{hexagonal_ice_water_structure_and_science,
  author = "{Martin Chaplin}",
  title = {{Hexagonal Ice $I_h$ --- Water Structure and Science}},
  year = "2024",
  url = "https://water.lsbu.ac.uk/water/hexagonal_ice.html",
  note = "[Online; accessed 1-December-2024]"
}

@article{tellurium_fig_screw_axis,
  author = {Basnet, Rabindra and Doha, M. Hasan and Hironaka, Takayuki and Pandey, Krishna and Davari, Shiva and Welch, Katie M. and Churchill, Hugh O. H. and Hu, Jin},
  title = {{Growth and Strain Engineering of Trigonal Te for Topological Quantum Phases in Non-Symmorphic Chiral Crystals}},
  journal = {Crystals},
  volume = {9},
  year = {2019},
  number = {10},
  number = {486},
  url = {https://www.mdpi.com/2073-4352/9/10/486},
  issn = {2073-4352},
  doi = {10.3390/cryst9100486}
}

@article{bilbao_1,
  url = {https://doi.org/10.1524/zkri.2006.221.1.15},
  title = {Bilbao Crystallographic Server: I. Databases and crystallographic computing programs},
  author = {Mois Ilia Aroyo and Juan Manuel Perez-Mato and Cesar Capillas and Eli Kroumova and Svetoslav Ivantchev and Gotzon Madariaga and Asen Kirov and Hans Wondratschek},
  pages = {15--27},
  volume = {221},
  number = {1},
  journal = {Zeitschrift für Kristallographie - Crystalline Materials},
  doi = {doi:10.1524/zkri.2006.221.1.15},
  year = {2006},
  lastchecked = {2024-12-11}
}

@article{bilbao_2,
  url = {https://doi.org/10.1107/S0108767305040286},
  title = {{Bilbao Crystallographic Server: II. Representations of crystallographic point groups and space groups.}},
  author = {Mois Ilia Aroyo and Juan Manuel Perez-Mato and Cesar Capillas and Asen Kirov and Hans Wondratschek},
  pages = {115-28},
  volume = {62 (pt 2)},
  journal = {Acta crystallographica. Section A, Foundations of crystallography},
  doi = {doi:10.1107/S0108767305040286},
  year = {2006},
  lastchecked = {2024-12-11}
}

@book{evarestov,
  title={Site Symmetry in Crystals: Theory and Applications},
  author={Evarestov, R.A. and Smirnov, V.P.},
  isbn={9783642604881},
  series={Springer Series in Solid-State Sciences},
  url={https://books.google.com.br/books?id=h-79CAAAQBAJ},
  year={2012},
  publisher={Springer Berlin Heidelberg}
}

@misc{barata_representacoes,
  author = "{João Carlos Alves Barata}",
  title = "Notas para um Curso de Física-Matemática -- Capítulo 23, Uma Breve Introdução à Teoria das Representações de Grupos",
  year = "2024",
  url = "http://denebola.if.usp.br/~jbarata/Notas_de_aula/capitulos.html",
  note = "[Online; accessed 11-December-2024]"
}

@article{bernevig_II_2021,
  title={Twisted bilayer graphene. II. Stable symmetry anomaly},
  volume={103},
  ISSN={2469-9969},
  url={http://dx.doi.org/10.1103/PhysRevB.103.205412},
  DOI={10.1103/physrevb.103.205412},
  number={20},
  journal={Physical Review B},
  publisher={American Physical Society (APS)},
  author={Song, Zhi-Da and Lian, Biao and Regnault, Nicolas and Bernevig, B. Andrei},
  year={2021},
  month=may
}

@book{michael_glazer2012_space_groups,
  title={Space Groups for Solid State Scientists},
  author={Glazer, M. and Burns, G. and Glazer, A.N.},
  isbn={9780080964126},
  url={https://books.google.com.br/books?id=wt448_NGDKsC},
  year={2012},
  publisher={Academic Press}
}
